@online{site:ros,
    title   = {ROS wbesite},
    url     = {https://www.ros.org}
}

@Article{article:bogue2016,
    author={Bogue, Robert},
    title={Growth in e-commerce boosts innovation in the warehouse robot market},
    journal={Industrial Robot: An International Journal},
    year={2016},
}

@article{article:mediapipe,
  author    = {Fan Zhang and
               Valentin Bazarevsky and
               Andrey Vakunov and
               Andrei Tkachenka and
               George Sung and
               Chuo{-}Ling Chang and
               Matthias Grundmann},
  title     = {MediaPipe Hands: On-device Real-time Hand Tracking},
  journal   = {CoRR},
  volume    = {abs/2006.10214},
  year      = {2020},
  url       = {https://arxiv.org/abs/2006.10214},
  eprinttype = {arXiv},
  eprint    = {2006.10214},
  timestamp = {Tue, 23 Jun 2020 17:57:22 +0200},
}
